@inproceedings{Dias15a,
	Acceptnum = {39},
	Accepttotal = {144},
	Address = {Montreal, Canada},
	Annote = {internationalconference},
	Author = {Mart\'in Dias and Alberto Bacchelli and Georgios Gousios and Damien Cassou and St{\'e}phane Ducasse},
	Booktitle = {SANER'15: Proceedings of the 22nd International Conference on Software Analysis, Evolution, and Reengineering},
	Hal-Id = {hal-01116225},
	Keywords = {lse-pub pharo},
	Pages = {341--350},
	Note = {(candidate for IEEE Research Best Paper Award)},
	Title = {Untangling Fine-Grained Code Changes},
	Url = {https://hal.inria.fr/hal-01116225},
	Year = {2015},
	Bdsk-Url-1 = {https://hal.inria.fr/hal-01116225}}
